<?xml version="1.0" encoding="UTF-8" ?>
<collection xmlns:xsi="http://www.w3.org/2001/XMLSchema-instance"
    xsi:schemaLocation="http://www.loc.gov/MARC21/slim
        http://www.loc.gov/standards/marcxml/schema/MARC21slim.xsd"
    xmlns="http://www.loc.gov/MARC21/slim">
<record>
  <leader>00292cam a2200577 ia4500</leader>
  <controlfield tag="001">b12513258</controlfield>
  <controlfield tag="003">LeBAU</controlfield>
  <controlfield tag="005">20140611</controlfield>
  <controlfield tag="008">970710m19541956ua a          ||0 1 ara d</controlfield>
  <datafield tag="035" ind1=" " ind2=" ">
    <subfield code="a">ocn784366586</subfield>
  </datafield>
  <datafield tag="040" ind1=" " ind2=" ">
    <subfield code="a">LEAUB</subfield>
    <subfield code="b">ara</subfield>
    <subfield code="e">rda</subfield>
    <subfield code="c">LEAUB</subfield>
    <subfield code="d">LEAUB</subfield>
  </datafield>
  <datafield tag="041" ind1="1" ind2=" ">
    <subfield code="a">ara</subfield>
    <subfield code="h">eng</subfield>
  </datafield>
  <datafield tag="082" ind1="0" ind2="4">
    <subfield code="a">813</subfield>
    <subfield code="2">23</subfield>
  </datafield>
  <datafield tag="100" ind1="1" ind2=" ">
    <subfield code="6">880-01</subfield>
    <subfield code="a">Alcott, Louisa May,</subfield>
    <subfield code="d">1832-1888.</subfield>
    <subfield code="e">author.</subfield>
    <subfield code="0">http://id.loc.gov/authorities/names/n82160866 ,</subfield>
  </datafield>
  <datafield tag="240" ind1="1" ind2="0">
    <subfield code="a">Little women.</subfield>
    <subfield code="l">Arabic</subfield>
  </datafield>
  <datafield tag="245" ind1="1" ind2="0">
    <subfield code="6">880-02</subfield>
    <subfield code="a">Nisāʼ saghīrāt /</subfield>
    <subfield code="c">taʻlīf Luwīzā M. Alkūt ; tarjamat Amīnah al-Sʻaīd.</subfield>
  </datafield>
  <datafield tag="264" ind1=" " ind2="1">
    <subfield code="6">880-03</subfield>
    <subfield code="a">Miṣr :</subfield>
    <subfield code="b">Dar al-Maʻārif,</subfield>
    <subfield code="c">1954-1956.</subfield>
  </datafield>
  <datafield tag="300" ind1=" " ind2=" ">
    <subfield code="6">880-04</subfield>
    <subfield code="a">4 volumes :</subfield>
    <subfield code="b">illustrations (some color) ;</subfield>
    <subfield code="c">19 cm</subfield>
  </datafield>
  <datafield tag="336" ind1=" " ind2=" ">
    <subfield code="a">text</subfield>
    <subfield code="b">txt</subfield>
    <subfield code="2">rdacontent</subfield>
  </datafield>
  <datafield tag="337" ind1=" " ind2=" ">
    <subfield code="a">unmediated</subfield>
    <subfield code="b">n</subfield>
    <subfield code="2">rdamedia</subfield>
  </datafield>
  <datafield tag="338" ind1=" " ind2=" ">
    <subfield code="a">volume</subfield>
    <subfield code="b">nc</subfield>
    <subfield code="2">rdacarrier</subfield>
  </datafield>
  <datafield tag="590" ind1=" " ind2=" ">
    <subfield code="a">في المكتبة: الاجزاء 2-4.</subfield>
  </datafield>
  <datafield tag="650" ind1=" " ind2="4">
    <subfield code="a">عائلة مارش (شخصيات خيالية)</subfield>
    <subfield code="v">قصة.</subfield>
  </datafield>
  <datafield tag="650" ind1=" " ind2="4">
    <subfield code="a">الامهات والأخوات</subfield>
    <subfield code="v">قصة.</subfield>
  </datafield>
  <datafield tag="650" ind1=" " ind2="4">
    <subfield code="a">الشابات</subfield>
    <subfield code="v">قصة.</subfield>
  </datafield>
  <datafield tag="650" ind1=" " ind2="4">
    <subfield code="a">الأخوات</subfield>
    <subfield code="v">قصة.</subfield>
  </datafield>
  <datafield tag="650" ind1=" " ind2="4">
    <subfield code="a">القصة الاميركية</subfield>
    <subfield code="v">ترجمات الى العربية.</subfield>
  </datafield>
  <datafield tag="650" ind1=" " ind2="0">
    <subfield code="a">March family (Fictitious characters)</subfield>
    <subfield code="v">Fiction.</subfield>
  </datafield>
  <datafield tag="650" ind1=" " ind2="0">
    <subfield code="a">Mothers and daughters</subfield>
    <subfield code="v">Fiction.</subfield>
  </datafield>
  <datafield tag="650" ind1=" " ind2="0">
    <subfield code="a">Young women</subfield>
    <subfield code="v">Fiction.</subfield>
  </datafield>
  <datafield tag="650" ind1=" " ind2="0">
    <subfield code="a">Sisters</subfield>
    <subfield code="v">Fiction.</subfield>
  </datafield>
  <datafield tag="650" ind1=" " ind2="0">
    <subfield code="a">American fiction</subfield>
    <subfield code="v">Translations into Arabic.</subfield>
  </datafield>
  <datafield tag="655" ind1=" " ind2="4">
    <subfield code="a">قصص.</subfield>
  </datafield>
  <datafield tag="655" ind1=" " ind2="0">
    <subfield code="a">Fiction.</subfield>
  </datafield>
  <datafield tag="700" ind1="1" ind2=" ">
    <subfield code="6">880-05</subfield>
    <subfield code="a">Saʻīd, Amīnah.</subfield>
    <subfield code="e">translator.</subfield>
    <subfield code="0">http://id.loc.gov/authorities/names/n82160866 ,</subfield>
  </datafield>
  <datafield tag="765" ind1="0" ind2="8">
    <subfield code="6">880-06</subfield>
    <subfield code="i">is translation of</subfield>
    <subfield code="4">http://rdaregistry.info/Elements/e/P20141 :</subfield>
    <subfield code="a">Alcott, Louisa May, 1832-1888.</subfield>
    <subfield code="t">Little women, or, Meg, Jo, Beth, and Amy.</subfield>
    <subfield code="d">New York : Crowell, 1955</subfield>
    <subfield code="w">(OCoLC)02012693</subfield>
    <subfield code="w">(OCoLC)02012693</subfield>
  </datafield>
  <datafield tag="775" ind1="0" ind2="8">
    <subfield code="6">880-07</subfield>
    <subfield code="i">has designation of edition</subfield>
    <subfield code="4">http://rdaregistry.info/Elements/m/P30133 :</subfield>
    <subfield code="a">Alcott, Louisa May, 1832-1888.</subfield>
    <subfield code="t">Nisāʼ saghīrāt.</subfield>
    <subfield code="b">al-Ṭabʻah al-rābiʻah.</subfield>
    <subfield code="d">Miṣr : Dar al-Maʻārif, 1968</subfield>
    <subfield code="w">(LEAUB)b25896076</subfield>
  </datafield>
  <datafield tag="852" ind1=" " ind2=" ">
    <subfield code="a">Jafet Library</subfield>
    <subfield code="e">American University of Beirut, Bliss Street , Beirut, Lebanon.</subfield>
  </datafield>
  <datafield tag="880" ind1="1" ind2=" ">
    <subfield code="6">100-01/(3/r</subfield>
    <subfield code="a">ألكوت، لويزا ماي،</subfield>
    <subfield code="d">1832-1888،</subfield>
    <subfield code="0">http://id.loc.gov/authorities/names/n82160866 ,</subfield>
    <subfield code="e">مؤلف. </subfield>
    <subfield code="4">aut.</subfield>
  </datafield>
  <datafield tag="880" ind1="1" ind2="0">
    <subfield code="6">245-02/(3/r</subfield>
    <subfield code="a">نساء صغيرات /</subfield>
    <subfield code="c">تأليف لويزا م. ألكوت ؛ ترجمة أمينة السعيد.</subfield>
  </datafield>
  <datafield tag="880" ind1=" " ind2="1">
    <subfield code="6">264-03/(3/r</subfield>
    <subfield code="a">مصر :</subfield>
    <subfield code="b">دار المعارف،</subfield>
    <subfield code="c">1954-1956.</subfield>
  </datafield>
  <datafield tag="880" ind1=" " ind2=" ">
    <subfield code="6">300-04/(3/r</subfield>
    <subfield code="a">4 أجزاء :</subfield>
    <subfield code="b">مصورات (بعضها ملون) ؛</subfield>
    <subfield code="c">19 سم</subfield>
  </datafield>
  <datafield tag="880" ind1="1" ind2=" ">
    <subfield code="6">700-05/(3/r</subfield>
    <subfield code="a">السعيد، امينة،</subfield>
    <subfield code="0">http://id.loc.gov/authorities/names/n82160866 ,</subfield>
    <subfield code="e">مترجم. </subfield>
    <subfield code="4">trl.</subfield>
  </datafield>
  <datafield tag="880" ind1="0" ind2="8">
    <subfield code="6">765-06/(3/r</subfield>
    <subfield code="i">ترجمة </subfield>
    <subfield code="4">http://rdaregistry.info/Elements/e/P20141 :</subfield>
    <subfield code="a">Alcott, Louisa May, 1832-1888.</subfield>
    <subfield code="t">Little women, or, Meg, Jo, Beth, and Amy.</subfield>
    <subfield code="d">New York : Crowell, 1955</subfield>
    <subfield code="w">(LEAUB)b11621825</subfield>
    <subfield code="w">(OCoLC)02012693</subfield>
  </datafield>
  <datafield tag="880" ind1="0" ind2="8">
    <subfield code="6">775-07/(3/r</subfield>
    <subfield code="i">دلالة على الطبعة</subfield>
    <subfield code="4">http://rdaregistry.info/Elements/m/P30133 :</subfield>
    <subfield code="a">ألكوت، لويزا ماي، 1832-1888.</subfield>
    <subfield code="t">نساء صغيرات.</subfield>
    <subfield code="b">الطبعة الرابعة.</subfield>
    <subfield code="d">مصر : دار المعارف، 1968</subfield>
    <subfield code="w">(LEAUB)b25896076</subfield>
  </datafield>
  <datafield tag="907" ind1=" " ind2=" ">
    <subfield code="a">.b12513258</subfield>
    <subfield code="b">20-05-12</subfield>
    <subfield code="c">11-05-24</subfield>
  </datafield>
  <datafield tag="907" ind1=" " ind2=" ">
    <subfield code="a">.b12513258</subfield>
    <subfield code="b">15-10-15</subfield>
    <subfield code="c">11-05-24</subfield>
  </datafield>
  <datafield tag="945" ind1=" " ind2=" ">
    <subfield code="f">J</subfield>
    <subfield code="a">813:A355LA:v.2</subfield>
    <subfield code="i">01030700</subfield>
    <subfield code="j">.i13010396</subfield>
    <subfield code="l">u0503</subfield>
  </datafield>
  <datafield tag="945" ind1=" " ind2=" ">
    <subfield code="f">J</subfield>
    <subfield code="a">813:A355LA:v.3</subfield>
    <subfield code="i">01030701</subfield>
    <subfield code="j">.i13010402</subfield>
    <subfield code="l">u0503</subfield>
  </datafield>
  <datafield tag="945" ind1=" " ind2=" ">
    <subfield code="f">J</subfield>
    <subfield code="a">813:A355LA:v.4</subfield>
    <subfield code="i">01030702</subfield>
    <subfield code="j">.i13010414</subfield>
    <subfield code="l">u0503</subfield>
  </datafield>
  <datafield tag="998" ind1=" " ind2=" ">
    <subfield code="a">u05</subfield>
    <subfield code="b">97-07-10</subfield>
    <subfield code="c">m</subfield>
    <subfield code="d">a  </subfield>
    <subfield code="e">-</subfield>
    <subfield code="f">ara</subfield>
    <subfield code="g">ua </subfield>
    <subfield code="h">0</subfield>
    <subfield code="i">4</subfield>
  </datafield>
</record>
</collection>
